
@article{covidsol,
  author={Ratnesar-Shumate, Shanna and Williams, Gregory and Green, Brian and Krause, Melissa and Holland, Brian and Wood, Stewart and Bohannon, Jordan and Boydston, Jeremy and Freeburger, Denise and Hooper, Idris and others},
  journal={The Journal of infectious diseases},
  number={2},
  pages={214--222},
  publisher={Oxford University Press US}
  title={Simulated sunlight rapidly inactivates SARS-CoV-2 on surfaces},
  volume={222},
  year={2020},
}